<?xml version="1.0" encoding="UTF-8"?><collection xmlns="http://www.loc.gov/MARC21/slim"><record><leader>00367nam--2200145-i-4500</leader><controlfield tag="001">000020972</controlfield><controlfield tag="002">20161230</controlfield><controlfield tag="005">20161230201033</controlfield><controlfield tag="008">060222s1000------------r-----000-0-eng-d</controlfield><datafield ind1=" " ind2=" " tag="020"><subfield code="a">3-540-57</subfield></datafield><datafield ind1=" " ind2=" " tag="080"><subfield code="a">577.1</subfield></datafield><datafield ind1=" " ind2=" " tag="245"><subfield code="a">Hydrogen bonding in biological structures</subfield></datafield><datafield ind1=" " ind2=" " tag="260"><subfield code="a">Berlin, Springer Verlag, 1991 569 P</subfield></datafield><datafield ind1=" " ind2=" " tag="700"><subfield code="a">G.A.Jeffrey, W.Saenger</subfield></datafield><datafield ind1=" " ind2=" " tag="852"><subfield code="a">80267</subfield></datafield></record></collection>